@Article{kim87,
author = {John Kim, Parviz Moin, Robert Moser},
title = {Turbulence statistics in fully developed channel flow at low Reynolds number},
journal = {Jurnal of Fluid Mechanics},
year = {1987},
OPTvolume = {177},
OPTpages = {133-166}
}
@Misc{burchard01,
author = {Burchard, H},
title = {Unknown},
year = {2001},
howpublished = "\url{http://www.io-warnemuende.de/tl_files/staff/burchard/pdf/Turb_Chap4_WS08.pdf}",
note = {Could not find title and author of book but it is on Prof. Burchard's personal page}
}
@book{wilcox1998turbulence,
  title={Turbulence modeling for CFD},
  author={Wilcox, David C and others},
  volume={2},
  year={1998},
  publisher={DCW industries La Canada, CA}
}
@techreport{lewalle2004estimation,
  title={Estimation of time scales in unsteady flows in a turbomachinery rig},
  author={Lewalle, Jacques and Ashpis, David E},
  year={2004},
  institution={Nasa TM-2004-209452, February}
}
@book{george2009lectures,
  title={Lectures in Turbulence for the 21st Century},
  author={George, William K},
  publisher={Chalmers University of Technology},
  year={2009}
}
